
@article{5626805,
  author={Wei Chipin and Li Zhao lin and Zheng Qingwei and Ye Jianfei and Li Shenglong},
  booktitle={2010 Second Pacific-Asia Conference on Circuits, Communications and System}, 
  title={Design of a configurable multichannel interrupt controller}, 
  year={2010},
  volume={1},
  number={},
  pages={327-330},
  doi={10.1109/PACCS.2010.5626805}}

@article{6162130,  author={Sia, Chee Yap and Rosdi, Bakhtiar Affendi and Lee, Ming Chew},  booktitle={2011 IEEE International Conference on Computer Applications and Industrial Electronics (ICCAIE)},   title={Synchronous design of 8259 Programmable Interrupt Controller},   year={2011},  volume={},  number={},  pages={195-200},  doi={10.1109/ICCAIE.2011.6162130}}

@article{8875335,  author={Liu, Yixiao and Zhang, Weigong and Zhou, Jiqin and Wang, Ying and Wang, Shan and Zhang, Lin},  booktitle={2019 International Conference on Internet of Things (iThings) and IEEE Green Computing and Communications (GreenCom) and IEEE Cyber, Physical and Social Computing (CPSCom) and IEEE Smart Data (SmartData)},   title={A Design of Encoding Arbitration and Interrupt Request for Dynamic Reconfigurable High-Speed Serial Bus in Cyber Physical System},   year={2019},  volume={},  number={},  pages={627-634},  doi={10.1109/iThings/GreenCom/CPSCom/SmartData.2019.00122}}


@article{8547813,  author={Ito, Naoya and Oosako, Yuuki and Ishiura, Nagisa and Kanbara, Hiroyuki and Tomiyama, Hiroyuki},  booktitle={2017 International Symposium on Rapid System Prototyping (RSP)},   title={Binary Synthesis Implementing External Interrupt Handler as Independent Module},   year={2017},  volume={},  number={},  pages={92-98},  doi={}}


@article{4285737,  author={Tumeo, Antonino and Branca, Marco and Camerini, Lorenzo and Monchiero, Matteo and Palermo, Gianluca and Ferrandi, Fabrizio and Sciuto, Donatella},  booktitle={2007 International Conference on Embedded Computer Systems: Architectures, Modeling and Simulation},   title={An Interrupt Controller for FPGA-based Multiprocessors},   year={2007},  volume={},  number={},  pages={82-87},  doi={10.1109/ICSAMOS.2007.4285737}}

@article{147891,  author={Baker, K.F. and Crilly, P.B.},  booktitle={IEEE Proceedings of the SOUTHEASTCON '91},   title={A priority event monitor for an interrupt-driven microprocessor},   year={1991},  volume={},  number={},  pages={905-909 vol.2},  doi={10.1109/SECON.1991.147891}}

@article{244521,
  author={Baker, K.F. and Crilly, P.B.},
  booktitle={Conference Record of the 1992 IEEE Industry Applications Society Annual Meeting}, 
  title={Priority event monitoring for interrupt-driven computer}, 
  year={1992},
  volume={},
  number={},
  pages={1751-1755 vol.2},
  doi={10.1109/IAS.1992.244521}}

@article{6811840,
  author={Zijia Guo and Teng Wang and Xin-An Wang and Ziyi Hu},
  booktitle={2013 IEEE 10th International Conference on ASIC}, 
  title={Design of an optimized low-latency interrupt controller for IMS-DPU}, 
  year={2013},
  volume={},
  number={},
  pages={1-4},
  doi={10.1109/ASICON.2013.6811840}}

@article{404555,
  author={de Gloria, A. and Faraboschi, P. and Olivieri, M.},
  booktitle={Proceedings Seventh Annual IEEE International ASIC Conference and Exhibit}, 
  title={A self timed interrupt controller: a case study in asynchronous micro-architecture design}, 
  year={1994},
  volume={},
  number={},
  pages={296-299},
  doi={10.1109/ASIC.1994.404555}}

@article{de2007fpga,
  title={FPGA design of an efficient and low-cost smart phone interrupt controller},
  author={De Alba, M and Andrade, A and Gonz{\'a}lez, J and G{\'o}mez-Tagle, J and Garc{\'\i}a, AD},
  journal={Latin American applied research},
  volume={37},
  number={1},
  pages={59--63},
  year={2007},
  publisher={SciELO Argentina}
}

@BOOK{BOOK:1,
    AUTHOR="Sarah L. Harris",
    TITLE="Digital Design and Computer Architecture",
    PUBLISHER="Morgan Kaufmanr",
    YEAR="2022",
}

@BOOK{BOOK:2,
    AUTHOR="Muhammad Tahir",
    TITLE="ARM MICROPROCESSOR SYSTEMS",
    PUBLISHER="CRC PRESS",
    YEAR="2020",
}

@BOOK{BOOK:3,
    AUTHOR="Hennessy J Patterson",
    TITLE="Computer architectureS",
    PUBLISHER="CRC PRESS",
    YEAR="2020",
}
